<record><leader>00000cas a2200000 a 4500</leader><controlfield tag="001">9438650</controlfield><controlfield tag="008">830422d18291832mouwr ne      0   a0eng c</controlfield><datafield ind1=" " ind2=" " tag="010"><subfield code="a">sn 83025418 </subfield></datafield><datafield ind1=" " ind2=" " tag="040"><subfield code="a">NPV</subfield><subfield code="b">eng</subfield><subfield code="c">NPV</subfield><subfield code="d">DLC</subfield><subfield code="d">NPT</subfield><subfield code="d">NPX</subfield><subfield code="d">MUL</subfield><subfield code="d">KNP</subfield><subfield code="d">MQN</subfield><subfield code="d">ANU</subfield><subfield code="d">KNP</subfield><subfield code="d">DLC</subfield><subfield code="d">OCL</subfield><subfield code="d">CNK</subfield><subfield code="d">MQN</subfield><subfield code="d">OCL</subfield><subfield code="d">NVF</subfield><subfield code="d">TGN</subfield><subfield code="d">DLC</subfield><subfield code="d">OCLCQ</subfield><subfield code="d">OCLCF</subfield></datafield><datafield ind1=" " ind2=" " tag="019"><subfield code="a">2251924</subfield><subfield code="a">10440832</subfield></datafield><datafield ind1="1" ind2=" " tag="029"><subfield code="a">AU@</subfield><subfield code="b">000020124548</subfield></datafield><datafield ind1=" " ind2=" " tag="042"><subfield code="a">pcc</subfield></datafield><datafield ind1=" " ind2=" " tag="043"><subfield code="a">n-us-mo</subfield></datafield><datafield ind1=" " ind2=" " tag="045"><subfield code="a">w2w3</subfield></datafield><datafield ind1="0" ind2="0" tag="050"><subfield code="a">Newspaper</subfield></datafield><datafield ind1=" " ind2=" " tag="052"><subfield code="a">4163</subfield><subfield code="b">S35</subfield></datafield><datafield ind1="0" ind2="0" tag="245"><subfield code="a">St. Louis beacon.</subfield></datafield><datafield ind1="3" ind2=" " tag="246"><subfield code="a">Saint Louis beacon</subfield></datafield><datafield ind1="1" ind2=" " tag="246"><subfield code="i">Issues for Mar. 2-9, 1829 published as:</subfield><subfield code="a">Beacon</subfield></datafield><datafield ind1=" " ind2=" " tag="260"><subfield code="a">St. Louis, Mo. :</subfield><subfield code="b">C. Keemle,</subfield><subfield code="c">1829-1832.</subfield></datafield><datafield ind1=" " ind2=" " tag="300"><subfield code="a">v.</subfield></datafield><datafield ind1=" " ind2=" " tag="310"><subfield code="a">Weekly,</subfield><subfield code="b">Mar. 4, 1830-1832</subfield></datafield><datafield ind1=" " ind2=" " tag="321"><subfield code="a">Weekly,</subfield><subfield code="b">Mar. 2-&lt;Aug. 15, 1829&gt;</subfield></datafield><datafield ind1=" " ind2=" " tag="321"><subfield code="a">Semiweekly,</subfield><subfield code="b">&lt;Aug. 29, 1829&gt;-Feb. 27, 1830</subfield></datafield><datafield ind1="0" ind2=" " tag="362"><subfield code="a">Vol. 1, no. 1 (Mar. 2, 1829)-v. 4, no. 222 (Dec. 6, 1832).</subfield></datafield><datafield ind1=" " ind2="0" tag="651"><subfield code="a">Saint Louis (Mo.)</subfield><subfield code="v">Newspapers.</subfield></datafield><datafield ind1=" " ind2="0" tag="651"><subfield code="a">Saint Louis County (Mo.)</subfield><subfield code="v">Newspapers.</subfield></datafield><datafield ind1=" " ind2="7" tag="655"><subfield code="a">Newspapers.</subfield><subfield code="2">fast</subfield><subfield code="0">(OCoLC)fst01423814</subfield></datafield><datafield ind1=" " ind2="7" tag="651"><subfield code="a">Missouri</subfield><subfield code="z">Saint Louis.</subfield><subfield code="2">fast</subfield><subfield code="0">(OCoLC)fst01204930</subfield></datafield><datafield ind1=" " ind2="7" tag="651"><subfield code="a">Missouri</subfield><subfield code="z">Saint Louis County.</subfield><subfield code="2">fast</subfield><subfield code="0">(OCoLC)fst01210213</subfield></datafield><datafield ind1=" " ind2=" " tag="752"><subfield code="a">United States</subfield><subfield code="b">Missouri</subfield><subfield code="c">Saint Louis</subfield><subfield code="d">Saint Louis.</subfield></datafield></record>